@inproceedings{isem2013daiber,
  title = {Improving Efficiency and Accuracy in Multilingual Entity Extraction},
  author = {Joachim Daiber and Max Jakob and Chris Hokamp and Pablo N. Mendes},
  year = {2013},
  booktitle = {Proceedings of the 9th International Conference on Semantic Systems (I-Semantics)}
}
